<?xml version="1.0" encoding="UTF-8"?><collection xmlns="http://www.loc.gov/MARC21/slim"><record><leader>00317nam--2200121-i-4500</leader><controlfield tag="001">000031069</controlfield><controlfield tag="002">20161230</controlfield><controlfield tag="005">20161230201038</controlfield><controlfield tag="008">060222s1000------------r-----000-0-eng-d</controlfield><datafield ind1=" " ind2=" " tag="080"><subfield code="a">681.327.664(061.3)</subfield></datafield><datafield ind1=" " ind2=" " tag="245"><subfield code="a">Magnetic bubbles.proceedings</subfield></datafield><datafield ind1=" " ind2=" " tag="260"><subfield code="a">Warzawa, Polish Scientific Publishers, 1976. 188p</subfield></datafield><datafield ind1=" " ind2=" " tag="852"><subfield code="a">45882</subfield></datafield></record></collection>